@Misc{holtbyConservationUnitsPacific2008,
  title = {Conservation {{Units}} for {{Pacific Salmon}} under the {{Wild Salmon Policy}}},
  shorttitle = {Conservation {{Units}} for {{Pacific Salmon}} under the {{Wild Salmon Policy}}},
  author = {L. Blair Holtby and Kristine A. Ciruna},
  date = {2008},
  organization = {{Fisheries and Oceans Canada}},
  file = {C:\Users\GLASERD\Zotero\storage\DW2MUC7W\Holtby & Ciruna 2007.pdf},
}
@Report{grantFraserRiverPink2014,
  title = {Fraser {{River Pink Salmon}} ({{Oncorhynchus}} Gorbuscha) {{Data Review}}: {{Inputs}} for {{Biological Status}} and {{Escapement Goals}}},
  author = {S C H Grant and M Townsend and B White and M Lapointe},
  date = {2014},
  pages = {97},
  langid = {english},
  keywords = {⛔ No DOI found},
  file = {C:\Users\GLASERD\Zotero\storage\XP85PQRP\Grant et al. - Final Project Report to Southern Boundary Restorat.pdf},
}
@Report{dfoSouthernSalmonIntegrated2023,
  title = {Southern {{Salmon Integrated Fisheries Management Plan}} 2023/2024},
  author = {{DFO}},
  date = {2023},
  number = {23-2280},
  pages = {639},
  institution = {{Fisheries and Oceans Canada = Pêches et océans Canada}},
  location = {{Vancouver}},
  langid = {english},
  annotation = {OCLC: 1390760570},
  file = {C:\Users\GLASERD\Zotero\storage\FPGWND2C\2023 - Pacific Region final integrated fisheries manageme.pdf},
}
@Report{rickerHistoryPresentState1989,
  type = {Can. Tech. Rep. Fish. Aquat. Sci.},
  title = {History and {{Present State}} of the {{Odd-Year Pink Salmon Runs}} of the {{Fraser River Region}}},
  author = {W.E. Ricker},
  date = {1989},
  number = {1702},
  pages = {37},
  institution = {{Department of Fisheries and Oceans Canada}},
  location = {{Nanaimo}},
  file = {C:\Users\GLASERD\Zotero\storage\G37I8QAZ\Ricker 1989.pdf},
}
@Book{waltersFisheriesEcologyManagement2004,
  title = {Fisheries {{Ecology}} and {{Management}}},
  author = {Carl J. Walters and Steven J.D. Martell},
  date = {2004},
  publisher = {{Princeton University Press}},
  location = {{Princeton, New Jersey}},
}
@Article{ruggeroneNumbersBiomassNatural2018,
  title = {Numbers and {{Biomass}} of {{Natural}}‐ and {{Hatchery}}‐{{Origin Pink Salmon}}, {{Chum Salmon}}, and {{Sockeye Salmon}} in the {{North Pacific Ocean}}, 1925–2015},
  author = {Gregory T. Ruggerone and James R. Irvine},
  date = {2018-04},
  journaltitle = {Marine and Coastal Fisheries},
  shortjournal = {Mar Coast Fish},
  volume = {10},
  number = {2},
  pages = {152--168},
  issn = {1942-5120, 1942-5120},
  doi = {10.1002/mcf2.10023},
  url = {https://afspubs.onlinelibrary.wiley.com/doi/10.1002/mcf2.10023},
  urldate = {2023-10-30},
  langid = {english},
  file = {C:\Users\GLASERD\Zotero\storage\UVH4FZWH\Ruggerone and Irvine - 2018 - Numbers and Biomass of Natural‐ and Hatchery‐Origin Pink Salmon, Chum Salmon, and Sockeye Salmon in .pdf},
}
@Misc{folkesEvaluatingModelsForecast2018,
  title = {Evaluating {{Models}} to {{Forecast Return Timing}} and {{Diversion Rate}} of {{Fraser Sockeye Salmon}}},
  shorttitle = {Evaluating {{Models}} to {{Forecast Return Timing}} and {{Diversion Rate}} of {{Fraser Sockeye Salmon}}},
  author = {M J P Folkes and R E Thomson and R A S Hourston},
  date = {2018},
  langid = {english},
  organization = {{Fisheries and Oceans Canda}},
  file = {C:\Users\GLASERD\Zotero\storage\45QSBRDH\Folkes et al. - Evaluating Models to Forecast Return Timing and Diversion Rate of Fraser Sockeye Salmon.pdf},
}
@Report{hawkshawPreseasonRunSize2020,
  type = {Can. Tech. Rep. Fish. Aquat. Sci.},
  title = {Pre-Season {{Run Size Forecasts}} for {{Fraser River Sockeye}} ({{Oncorhynchus}} Nerka) and {{Pink}} ({{Oncorhynchus}} Gorbuscha) {{Salmon}} in 2019},
  author = {Mike Hawkshaw and Yi Xu and Brooke Davis},
  date = {2020},
  number = {3391},
  pages = {vi - 52},
  institution = {{Department of Fisheries and Oceans Canada}},
  langid = {english},
  annotation = {OCLC: 1227932743},
  file = {C:\Users\GLASERD\Zotero\storage\Z4F7X2KT\Hawkshaw - 2020 - Pre-season run size forecasts for Fraser River sockeye (Oncorhynchus nerka) and pink (Oncorhynchuss .pdf},
}

@InCollection{heard1991,
  shorttitle = {Life History of Pink Salmon (*{{Oncorhynchus}} Gorbuscha*)},
  booktitle = {Pacific Salmon Life Histories},
  author = {W.R. Heard},
  editor = {C. Groot and L. Margolis},
  date = {1991},
  pages = {121--230},
  publisher = {{University of British Columbia Press}},
  location = {{Vancouver, British Columbia}},
}
@Report{hagueMovingTargetsAssessing2021,
  title = {Moving {{Targets}}: {{Assessing Fraser River Pink Salmon Run Size}} during a {{Period}} of {{Change}} and {{Uncertainty}}},
  author = {Merran J. Hague and Rachel L. Hornsby and Jessica A. Gill and Catherine G J Michielsens and Erica J Jenkins and Serena Wong},
  date = {2021},
  number = {17},
  pages = {18--22},
  institution = {{North Pacific Anadromous Fish Comission}},
  langid = {english},
  file = {C:\Users\GLASERD\Zotero\storage\IHA8ZVNB\Michielsens - 4 PUBLICATIONS 8 CITATIONS SEE PROFILE.pdf},
}

@Online{pacificsalmoncommissionPSCBiologicalData2023,
  type = {Shiny App},
  title = {{{PSC Biological Data App}}},
  author = {{Pacific Salmon Commission}},
  date = {2023},
  url = {https://psc1.shinyapps.io/BioDataApp/},
}

@Article{ruggeroneDiatomsKillerWhales2023,
  title = {From Diatoms to Killer Whales: Impacts of Pink Salmon on {{North Pacific}} Ecosystems},
  shorttitle = {From Diatoms to Killer Whales},
  author = {Gt Ruggerone and Am Springer and Gb {Van Vliet} and B Connors and Jr Irvine and Ld Shaul and Mr Sloat and Wi Atlas},
  date = {2023-09-21},
  journaltitle = {Marine Ecology Progress Series},
  shortjournal = {Mar. Ecol. Prog. Ser.},
  volume = {719},
  pages = {1--40},
  issn = {0171-8630, 1616-1599},
  doi = {10.3354/meps14402},
  url = {https://www.int-res.com/abstracts/meps/v719/p1-40/},
  urldate = {2023-09-25},
  langid = {english},
  file = {C:\Users\GLASERD\Zotero\storage\G2PDX76E\Ruggerone et al. - 2023 - From diatoms to killer whales impacts of pink sal.pdf},
}

@Article{ruggeroneNumbersBiomassNatural2018,
  title = {Numbers and {{Biomass}} of {{Natural}}‐ and {{Hatchery}}‐{{Origin Pink Salmon}}, {{Chum Salmon}}, and {{Sockeye Salmon}} in the {{North Pacific Ocean}}, 1925–2015},
  author = {Gregory T. Ruggerone and James R. Irvine},
  date = {2018-04},
  journaltitle = {Marine and Coastal Fisheries},
  shortjournal = {Mar Coast Fish},
  volume = {10},
  number = {2},
  pages = {152--168},
  issn = {1942-5120, 1942-5120},
  doi = {10.1002/mcf2.10023},
  url = {https://afspubs.onlinelibrary.wiley.com/doi/10.1002/mcf2.10023},
  urldate = {2023-10-30},
  langid = {english},
  file = {C:\Users\GLASERD\Zotero\storage\UVH4FZWH\Ruggerone and Irvine - 2018 - Numbers and Biomass of Natural‐ and Hatchery‐Origin Pink Salmon, Chum Salmon, and Sockeye Salmon in .pdf},
}
@Report{macdonaldStateCanadianPacific2023,
  title = {State of {{Canadian Pacific}} Salmon : Considerations for {{Pacific}} Salmon Management in a Changing Climate},
  author = {B. MacDonald and S.C.H. Grant},
  date = {2023},
  number = {23-2305},
  pages = {27},
  institution = {{Department of Fisheries Canada}},
  langid = {english},
  file = {C:\Users\GLASERD\Zotero\storage\76BDACAP\State of Canadian Pacific salmon  considerations for Pacific salmon management in a changing climat.pdf},
}
@Report{rickerHistoryPresentState1989,
  type = {Can. Tech. Rep. Fish. Aquat. Sci.},
  title = {History and {{Present State}} of the {{Odd-Year Pink Salmon Runs}} of the {{Fraser River Region}}},
  author = {W.E. Ricker},
  date = {1989},
  number = {1702},
  pages = {37},
  institution = {{Department of Fisheries and Oceans Canada}},
  location = {{Nanaimo}},
  file = {C:\Users\GLASERD\Zotero\storage\G37I8QAZ\Ricker 1989.pdf},
}
@Book{dfoCanadaPolicyConservation2005,
  title = {Canada's {{Policy}} for {{Conservation}} of {{Wild Pacific Salmon}}},
  author = {{DFO}},
  date = {2005},
  publisher = {{Fisheries and Oceans Canada}},
  location = {{Vancouver, British Columbia}},
  isbn = {978-0-662-40538-2},
  langid = {english},
  pagetotal = {49},
  file = {C:\Users\GLASERD\Zotero\storage\X82URYBK\Kanada - 2005 - Canada's policy for conservation of wild Pacific salmon.pdf},
}
@Report{macdonaldStateCanadianPacific2023,
  title = {State of {{Canadian Pacific}} Salmon : Considerations for {{Pacific}} Salmon Management in a Changing Climate},
  author = {B. MacDonald and S.C.H. Grant},
  date = {2023},
  number = {23-2305},
  pages = {27},
  institution = {{Department of Fisheries Canada}},
  langid = {english},
  file = {C:\Users\GLASERD\Zotero\storage\76BDACAP\State of Canadian Pacific salmon  considerations for Pacific salmon management in a changing climat.pdf},
}
@Report{grantFraserRiverPink2014,
  title = {Fraser {{River Pink Salmon}} ({{Oncorhynchus}} Gorbuscha) {{Data Review}}: {{Inputs}} for {{Biological Status}} and {{Escapement Goals}}},
  author = {S C H Grant and M Townsend and B White and M Lapointe},
  date = {2014},
  pages = {97},
  langid = {english},
  keywords = {⛔ No DOI found},
  file = {C:\Users\GLASERD\Zotero\storage\XP85PQRP\Grant et al. - Final Project Report to Southern Boundary Restorat.pdf},
}
