@Article{auger-metheGuideStateSpace2021,
  title = {A Guide to State–Space Modeling of Ecological Time Series},
  author = {Marie Auger-M{\`e}th{\`e} and Ken Newman and Diana Cole and Fanny Empacher and Rowenna Gryba and Aaron A. King and Vianey Leos-Barajas and Joanna {Mills Flemming} and Anders Nielsen and Giovanni Petris and Len Thom},
  date = {2021-11},
  journaltitle = {Ecological Monographs},
  shortjournal = {Ecol Monogr},
  volume = {91},
  number = {4},
  issn = {0012-9615, 1557-7015},
  doi = {10/gm2g4v},
  url = {https://onlinelibrary.wiley.com/doi/10.1002/ecm.1470},
  urldate = {2022-02-07},
  langid = {english},
  file = {C:\Users\GLASERD\Zotero\storage\5FLGWESW\Auger‐Methe 2021 SSMs - A guide to state space modeling of ecological time series.pdf},
}
@Report{grantFraserRiverPink2014,
  title = {Fraser {{River Pink Salmon}} ({{Oncorhynchus}} Gorbuscha) {{Data Review}}: {{Inputs}} for {{Biological Status}} and {{Escapement Goals}}},
  author = {S C H Grant and M Townsend and B White and M Lapointe},
  date = {2014},
  pages = {97},
  langid = {english},
  keywords = {⛔ No DOI found},
  file = {C:\Users\GLASERD\Zotero\storage\XP85PQRP\Grant et al. - Final Project Report to Southern Boundary Restorat.pdf},
}
@Software{rcoreteamLanguageEnvironmentStastical2019,
  title = {R: {{A}} Language and {{Environment}} for Stastical Computing},
  author = {{R Core Team}},
  date = {2019},
  location = {{Vienna, Austria}},
  url = {https://www.r-project.org/},
  organization = {{R Foundation for Stastical Computing}},
}

@Software{standevelopmentteamRstanInterfaceStan2023,
  title = {Rstan: The {{R}} Interface to {{Stan}}},
  author = {{Stan Development Team}},
  date = {2023},
  url = {https://mc-stan.org/},
}@Article{aanesWorkshopReviewFuture2020,
  title = {Workshop on the Review and Future of State Space Stock Assessment Models in {{ICES}} ({{WKRFSAM}})},
  author = {Sondre Aanes and William H Aeberhard and Christoffer Moesgaard Albertsen and M. Aldrin and Jonathan Babyn and Casper W. Berg and Olav Breivik and Robin Cook and Joanna Mills Flemming and Rob Fryer and Emily M. Liljestrand and Colin Millar and Timothy J. Miller and C{\a'o}il{\a'\i}n Minto and K. B. Newman and Anders Nielsen and Andrea Perreault and Paul Regular and Hans J. Skaug and Michael Spence and Vanessa Trijoulet and Sindre Vatnehol},
  date = {2020},
  journaltitle = {ICES Scientific Reports},
  volume = {2},
  number = {32},
  pages = {23},
  keywords = {⛔ No DOI found},
}
@Report{fisheriesandoceanscanadaSouthernSalmonIntegrated2023,
  title = {Southern {{Salmon Integrated Fisheries Management Plan}} 2023/2024},
  author = {{Fisheries} and {ceans Canada}},
  date = {2023},
  number = {23-2280},
  pages = {639},
  institution = {{Fisheries and Oceans Canada = Pêches et océans Canada}},
  location = {{Vancouver}},
  langid = {english},
  annotation = {OCLC: 1390760570},
  file = {C:\Users\GLASERD\Zotero\storage\FPGWND2C\2023 - Pacific Region final integrated fisheries manageme.pdf},
}
@Book{dfoCanadaPolicyConservation2005,
  title = {Canada's {{Policy}} for {{Conservation}} of {{Wild Pacific Salmon}}},
  author = {{DFO}},
  date = {2005},
  publisher = {{Fisheries and Oceans Canada}},
  location = {{Vancouver, British Columbia}},
  isbn = {978-0-662-40538-2},
  langid = {english},
  pagetotal = {49},
  file = {C:\Users\GLASERD\Zotero\storage\X82URYBK\Kanada - 2005 - Canada's policy for conservation of wild Pacific salmon.pdf},
}

@Online{dfoFisheryDecisionmakingFramework2009,
  title = {A Fishery Decision-Making Framework Incorporating the Precautionary Approach},
  author = {{DFO}},
  date = {2009-03-23},
  url = {https://www.dfo-mpo.gc.ca/reports-rapports/regs/sff-cpd/precaution-eng.htm},
  urldate = {2023-11-21},
}

@Online{pacificsalmoncommissionPSCBiologicalData2023,
  type = {Shiny App},
  title = {{{PSC Biological Data App}}},
  author = {{Pacific Salmon Commission}},
  date = {2023},
  url = {https://psc1.shinyapps.io/BioDataApp/},
}

@Report{dfoPreseasonRunSize2021,
  type = {Science Response},
  title = {Pre-Season {{Run Size Forecasts}} for {{Fraser River Sockeye}} ({{Oncorhynchus}} Nerka) and {{Pink}} ({{Oncorhynchus}} Gorbuscha) {{Salmon}} in 2021},
  author = {{DFO}},
  date = {2021},
  number = {2021/038},
  institution = {{Department of Fisheries Canada}},
  langid = {english},
  file = {C:\Users\GLASERD\Zotero\storage\MPRQ8E88\2021 - Pre-season Run Size Forecasts for Fraser River Sockeye (Oncorhynchus nerka) and Pink (Oncorhynchus g.pdf},
}

@Report{dfoSouthernSalmonIntegrated2023,
  title = {Southern {{Salmon Integrated Fisheries Management Plan}} 2023/2024},
  author = {{DFO}},
  date = {2023},
  number = {23-2280},
  pages = {639},
  institution = {{Fisheries and Oceans Canada = Pêches et océans Canada}},
  location = {{Vancouver}},
  langid = {english},
  annotation = {OCLC: 1390760570},
  file = {C:\Users\GLASERD\Zotero\storage\FPGWND2C\2023 - Pacific Region final integrated fisheries manageme.pdf},
}@Report{macdonaldStateCanadianPacific2023,
  title = {State of {{Canadian Pacific}} Salmon : Considerations for {{Pacific}} Salmon Management in a Changing Climate},
  author = {B. MacDonald and S.C.H. Grant},
  date = {2023},
  number = {23-2305},
  pages = {27},
  institution = {{Department of Fisheries Canada}},
  langid = {english},
  file = {C:\Users\GLASERD\Zotero\storage\76BDACAP\State of Canadian Pacific salmon  considerations for Pacific salmon management in a changing climat.pdf},
}
@Report{hagueMovingTargetsAssessing2021,
  title = {Moving {{Targets}}: {{Assessing Fraser River Pink Salmon Run Size}} during a {{Period}} of {{Change}} and {{Uncertainty}}},
  author = {Merran J. Hague and Rachel L. Hornsby and Jessica A. Gill and Catherine G J Michielsens and Erica J Jenkins and Serena Wong},
  date = {2021},
  number = {17},
  pages = {18--22},
  institution = {{North Pacific Anadromous Fish Comission}},
  langid = {english},
  file = {C:\Users\GLASERD\Zotero\storage\IHA8ZVNB\Michielsens - 4 PUBLICATIONS 8 CITATIONS SEE PROFILE.pdf},
}
@Article{statonIncorporatingDemographicInformation2021,
  title = {Incorporating Demographic Information into Spawner–Recruit Analyses Alters Biological Reference Point Estimates for a Western {{Alaska}} Salmon Population},
  author = {Benjamin A. Staton and Matthew J. Catalano and Steven J. Fleischman and Jan Ohlberger},
  date = {2021-12},
  journaltitle = {Canadian Journal of Fisheries and Aquatic Sciences},
  shortjournal = {Can. J. Fish. Aquat. Sci.},
  volume = {78},
  number = {12},
  pages = {1755--1769},
  issn = {0706-652X, 1205-7533},
  doi = {10.1139/cjfas-2020-0478},
  url = {https://cdnsciencepub.com/doi/10.1139/cjfas-2020-0478},
  urldate = {2022-04-20},
  langid = {english},
  file = {C:\Users\GLASERD\Zotero\storage\AZ8BMF9T\Staton et al. - 2021 - Incorporating demographic information into spawner.pdf},
}
@Article{ruggeroneNumbersBiomassNatural2018,
  title = {Numbers and {{Biomass}} of {{Natural}}‐ and {{Hatchery}}‐{{Origin Pink Salmon}}, {{Chum Salmon}}, and {{Sockeye Salmon}} in the {{North Pacific Ocean}}, 1925–2015},
  author = {Gregory T. Ruggerone and James R. Irvine},
  date = {2018-04},
  journaltitle = {Marine and Coastal Fisheries},
  shortjournal = {Mar Coast Fish},
  volume = {10},
  number = {2},
  pages = {152--168},
  issn = {1942-5120, 1942-5120},
  doi = {10.1002/mcf2.10023},
  url = {https://afspubs.onlinelibrary.wiley.com/doi/10.1002/mcf2.10023},
  urldate = {2023-10-30},
  langid = {english},
  file = {C:\Users\GLASERD\Zotero\storage\UVH4FZWH\Ruggerone and Irvine - 2018 - Numbers and Biomass of Natural‐ and Hatchery‐Origin Pink Salmon, Chum Salmon, and Sockeye Salmon in .pdf},
}
@Article{adkisonReviewSalmonSpawnerRecruitment2021,
  title = {A {{Review}} of {{Salmon Spawner-Recruitment Analysis}}: {{The Central Role}} of the {{Data}} and {{Its Impact}} on {{Management Strategy}}},
  shorttitle = {A {{Review}} of {{Salmon Spawner-Recruitment Analysis}}},
  author = {Milo Douglas Adkison},
  date = {2021-09-28},
  journaltitle = {Reviews in Fisheries Science \& Aquaculture},
  shortjournal = {Reviews in Fisheries Science \& Aquaculture},
  pages = {1--37},
  issn = {2330-8249, 2330-8257},
  doi = {10/gpdfdc},
  url = {https://www.tandfonline.com/doi/full/10.1080/23308249.2021.1972086},
  urldate = {2022-02-07},
  langid = {english},
  keywords = {and auxiliary data,developed,estimation approaches have been,from simple to complex,management of anadromous salmon,on an estimate of,spawner-recruitment relationship,stocks is usually based,the},
  file = {C:\Users\GLASERD\Zotero\storage\GUEH5VIB\Adkison - 2021 - A Review of Salmon Spawner-Recruitment Analysis T.pdf},
}

@Article{fleischmanAgestructuredStatespaceStock2013,
  title = {An Age-Structured State-Space Stock–Recruit Model for {{Pacific}} Salmon ({{Oncorhynchus}} Spp.)},
  author = {Steven J. Fleischman and Matthew J. Catalano and Robert A. Clark and David R. Bernard},
  editor = {Yong Chen},
  date = {2013-03},
  journaltitle = {Canadian Journal of Fisheries and Aquatic Sciences},
  shortjournal = {Can. J. Fish. Aquat. Sci.},
  volume = {70},
  number = {3},
  pages = {401--414},
  issn = {0706-652X, 1205-7533},
  doi = {10/gd53k5},
  url = {http://www.nrcresearchpress.com/doi/10.1139/cjfas-2012-0112},
  urldate = {2022-02-07},
  langid = {english},
  file = {C\:\\Users\\GLASERD\\Zotero\\storage\\7U3V82SZ\\Fleischman et al. - 2013 - An age-structured state-space stock–recruit model .pdf;C\:\\Users\\GLASERD\\Zotero\\storage\\Y59HWJ6F\\Fleischman et al 2012 suppl.doc},
}

@Article{statonEvaluationMethodsSpawner2020,
  title = {Evaluation of Methods for Spawner–Recruit Analysis in Mixed-Stock Pacific Salmon Fisheries},
  author = {Benjamin A. Staton and Matthew J. Catalano and Brendan M. Connors and Lewis G. Coggins and Michael L. Jones and Carl J. Walters and Steven J. Fleischman and Daniel C. Gwinn},
  date = {2020},
  journaltitle = {Canadian Journal of Fisheries and Aquatic Sciences},
  volume = {77},
  number = {7},
  pages = {1149--1162},
  issn = {12057533},
  doi = {10/gn5pgm},
  keywords = {★},
  file = {C:\Users\GLASERD\Zotero\storage\HLDIEJ25\Staton et al. - 2020 - Evaluation of methods for spawner–recruit analysis.pdf},
}

@Article{statonEvaluationMethodsSpawner2020,
  title = {Evaluation of Methods for Spawner–Recruit Analysis in Mixed-Stock {{Pacific}} Salmon Fisheries},
  author = {Benjamin A. Staton and Matthew J. Catalano and Brendan M. Connors and Lewis G. Coggins and Michael L. Jones and Carl J. Walters and Steven J. Fleischman and Daniel C. Gwinn},
  date = {2020-07},
  journaltitle = {Canadian Journal of Fisheries and Aquatic Sciences},
  shortjournal = {Can. J. Fish. Aquat. Sci.},
  volume = {77},
  number = {7},
  pages = {1149--1162},
  issn = {0706-652X, 1205-7533},
  doi = {10.1139/cjfas-2019-0281},
  url = {http://www.nrcresearchpress.com/doi/10.1139/cjfas-2019-0281},
  urldate = {2022-05-04},
  langid = {english},
  file = {C:\Users\GLASERD\Zotero\storage\X6AM2AM3\Staton et al. - 2020 - Evaluation of methods for spawner–recruit analysis.pdf},
}
@Article{grahamEvaluationGrowthSurvival2019,
  title = {Evaluation of {{Growth}}, {{Survival}}, and {{Recruitment}} of {{Chinook Salmon}} in~{{Southeast Alaska Rivers}}},
  author = {Cory J. Graham and Trent M. Sutton and Milo D. Adkison and Megan V. McPhee and Philip J. Richards},
  date = {2019},
  journaltitle = {Transactions of the American Fisheries Society},
  pages = {1--17},
  issn = {00028487},
  doi = {10/gpdfbv},
  url = {http://doi.wiley.com/10.1002/tafs.10148},
}
@Article{suPerformanceBayesianStatespace2012,
  title = {Performance of a {{Bayesian}} State-Space Model of Semelparous Species for Stock-Recruitment Data Subject to Measurement Error},
  author = {Zhenming Su and Randall M. Peterman},
  date = {2012-01},
  journaltitle = {Ecological Modelling},
  shortjournal = {Ecological Modelling},
  volume = {224},
  number = {1},
  pages = {76--89},
  issn = {03043800},
  doi = {10.1016/j.ecolmodel.2011.11.001},
  url = {https://linkinghub.elsevier.com/retrieve/pii/S0304380011005199},
  urldate = {2024-03-05},
  langid = {english},
  file = {C:\Users\GLASERD\Zotero\storage\D9F86NLB\Su and Peterman - 2012 - Performance of a Bayesian state-space model of semelparous species for stock-recruitment data subjec.pdf},
}
